 @INPROCEEDINGS{banzai2010,
  author={Banzai, Takayuki and Koizumi, Hitoshi and Kanbayashi, Ryo and Imada, Takayuki and Hanawa, Toshihiro and Sato, Mitsuhisa},
  booktitle={2010 10th IEEE/ACM International Conference on Cluster, Cloud and Grid Computing}, 
  title={D-Cloud: Design of a Software Testing Environment for Reliable Distributed Systems Using Cloud Computing Technology}, 
  year={2010},
  volume={},
  number={},
  pages={631-636},
  keywords={Software design;Software testing;Cloud computing;System testing;Virtual machining;Software systems;Automatic testing;Fault tolerance;XML;Costs;Cloud Computing;Software Test;Software Dependability;Software Development},
  doi={10.1109/CCGRID.2010.72}}